@article{GIA,
        author = { Arnaud Giacometti ,  Dominique H. Li ,and Arnaud Soulet},
        title = {Construction de profils de preferences contextuelles basee sur l'extraction de motifs sequentiels},
        year = {2013}
}

@article{KRZ,
        author = { Krzysztof Dembczynskii ,  Wojciech Kotlowski , Roman Slowinski ,and Marcin Szelag},
        title = {Learning of Rule Ensembles for Multiple Attribute Ranking Problems},
        year = {2010}
}
@article{WER,
        author = { Werner Kießling},
        title = {Preference Constructors for Deeply Personalized Database Queries}, 
        year = {2004}
}

@article{CHO,
        author = {JAN CHOMICKI},
        title = {Preference Formulas in Relational Queries}, 
        year = {2003}
}

@article{SOUL,
        author = {Arnaud Soulet ,and François Rioult},
        title = {Extraire les motifs minimaux efficacement et en profondeur},
        year = {2014}
}
@article{AGR,
        author = {Agrawal R. , R. Rantzau ,and  E. Terzi},
        title = {Context-sensitive ranking. In SIGMOD, pp 383-394},
        year = {2006}
}
@article{AMO,
        author = {de Amo S. , M. S. Diallo , C.T. Diop A. , Giacometti  H. D. Li ,and A. Soulet},
        title = {Mining contextual preference rules for building user profiles. In DaWaK, pp. 229-242},
        year = {2012}
}
@article{BOU,
        author = {Boutilier C. , R. I. Brafman , C. Domshlak , H.H. Hoos ,and D. Poole},
        title = {Cp-nets: A tool for representing annd reasoning with conditional ceteris paribus preference statements. Journal of Artificial Intelligence Research 21, 135-191},
        year = {2004}
}
@article{KOS,
        author = {Kostas Stefanidis , Georgia Koutrika and evangelia Pitoura},
        title = {A survey on representation, composition and application of preferences in database systems. ACM Trans. Database Syst.,36(3):19 :1-19 :45},
        year = {2011}
}
